@misc{wikiquote:ArthurCClarke,
    author = {Davis59, and others},
    title = {{ Wiki-quote of Arthur C. Clarke }},
    howpublished = "\url{https://sonar.openmrs.org/dashboard?id=org.openmrs%3Aopenmrs}",
    year = {2013},
    note = "[Online; accessed 20/05/2019]"
}

@misc{restfulapi,
    author = {howtodoinjava},
    title = {{ Restfulapi.net }},
    howpublished = "\url{https://restfulapi.net/}",
    note = "[Online; accessed 20/05/2019]"
}

@misc{octoprint:homepage,
    author = {Gina Häußge},
    title = {{ Octoprint.org }},
    howpublished = "\url{https://octoprint.org}",
    note = "[Online; accessed 20/05/2019]"
}

@misc{octoprint:github:versions,
    author = {Gina Häußge, and others},
    year = {2011},
    month = {December},
    title = {{ Octoprint github versions }},
    howpublished = "\url{https://github.com/foosel/OctoPrint/releases}",
    note = "[Online; accessed 20/05/2019]"
}

@misc{prusa:github:versions,
    author = {Josef Prusa, and others},
    year = {2015},
    month = {December},
    title = {{ Prusa-firmware github versions }},
    howpublished = "\url{https://github.com/prusa3d/Prusa-Firmware/releases}",
    note = "[Online; accessed 20/05/2019]"
}

@misc{reprap:nist,
    author = {Thomas R. Kramer, and others},
    year = {2000},
    month = {August},
    title = {{ The NIST RS274NGC Interpreter - Version 3 }},
    howpublished = "\url{https://ws680.nist.gov/publication/get_pdf.cfm?pub_id=823374}",
    note = "[Online; accessed 21/05/2019]"
}

@misc{reprap:gcode,
    author = {Dc42, Reprap team},
    year = {2014},
    month = {December},
    title = {{ RepRap wiki, G-code }},
    howpublished = "\url{https://reprap.org/wiki/G-code}",
    note = "[Online; accessed 21/05/2019]"
}

@misc{difi:about,
    author = {DIFI},
    year = {2014},
    month = {Nov},
    title = {{ About Difi }},
    howpublished = "\url{https://www.difi.no/om-difi/about-difi}",
    note = "[Online; accessed 22/05/2019] [Norwegian]"
}

@misc{difi:uu,
    author = {DIFI},
    year = {2014},
    month = {Juli},
    title = {{ Universell utforming }},
    howpublished = "\url{https://uu.difi.no/}",
    note = "[Online; accessed 22/05/2019], [Norwegian]"
}

@misc{samsung:developer:galaxy-watch:DesignPrinciples,
    author = {Samsung},
    year = {2019},
    title = {{ Samsung Galaxy Watch Design Principles }},
    howpublished = "\url{https://developer.samsung.com/galaxy-watch/design/principle}",
    note = "[Online; accessed 22/05/2019]"
}

@misc{finansnorge:bank:psd2,
    author = {Finansnorge},
    year = {2018},
    title = {{ PSD2 eller betalingstjenestedirektivet }},
    howpublished = "\url{https://www.finansnorge.no/tema/bank/psd2-eller-betalingstjenestedirektivet}",
    note = "[Online; accessed 13/06/2019], [Norwegian]"
}
@misc{laanekassen:psd2:sbanken,
    author = {Lånekassen},
    year = {2019},
    title = {{ Saldovisning i Sbanken }},
    howpublished = "\url{https://www.lanekassen.no/nb-NO/Tilbakebetaling/slik-betaler-du-ned-pa-lanet-ditt/konto-kidnummer/saldovisning-i-sbanken/}",
    note = "[Online; accessed 13/06/2019], [Norwegian]"
}
